<record><leader>00000cas a22000007a 4500</leader><controlfield tag="001">21426765</controlfield><controlfield tag="008">900425d190719uumduwr ne      0    0eng d</controlfield><datafield ind1=" " ind2=" " tag="010"><subfield code="a">sn 90057113 </subfield></datafield><datafield ind1=" " ind2=" " tag="040"><subfield code="a">MFN</subfield><subfield code="b">eng</subfield><subfield code="c">MFN</subfield><subfield code="d">OCLCQ</subfield></datafield><datafield ind1=" " ind2=" " tag="042"><subfield code="a">msc</subfield></datafield><datafield ind1="0" ind2="0" tag="245"><subfield code="a">Takoma localizer and Brightwood news.</subfield></datafield><datafield ind1="3" ind2="0" tag="246"><subfield code="a">Takoma localizer</subfield></datafield><datafield ind1=" " ind2=" " tag="260"><subfield code="a">Takoma Park, Md. :</subfield><subfield code="b">D. Bruce Gosorn</subfield></datafield><datafield ind1=" " ind2=" " tag="300"><subfield code="a">v.</subfield></datafield><datafield ind1=" " ind2=" " tag="310"><subfield code="a">Weekly</subfield></datafield><datafield ind1="0" ind2=" " tag="362"><subfield code="a">Vol. 1, no. 4 (Sept. 27, 1907)-</subfield></datafield><datafield ind1=" " ind2=" " tag="500"><subfield code="a">Published as: The Takoma localizer, &lt;Oct. 4-Nov. 1, Nov. 15, 1907&gt;.</subfield></datafield><datafield ind1=" " ind2=" " tag="752"><subfield code="a">United States</subfield><subfield code="b">Maryland</subfield><subfield code="c">Prince George's</subfield><subfield code="d">Takoma Park.</subfield></datafield><datafield ind1=" " ind2=" " tag="752"><subfield code="a">United States</subfield><subfield code="b">Maryland</subfield><subfield code="c">Montgomery</subfield><subfield code="d">Takoma Park.</subfield></datafield><datafield ind1="0" ind2="0" tag="780"><subfield code="t">Takoma localizer</subfield><subfield code="w">(DLC)sn 90057112</subfield></datafield></record>